@article{budai2024mobile,
    author = {Budai, Matteo},
    title = {Mobile content accessibility guidelines on the Flutter framework},
    school = {University of Padua},
    year = {2024},
    type = {Master's Thesis},
    address = {Padua, Italy},
    publisher = {Department of Mathematics "Tullio Levi-Civita"},
    url = {https://hdl.handle.net/20.500.12608/68870}
}

@online{w3c-wcag2mobile,
    title = {Guidance on Applying WCAG 2.2 to Mobile Applications (WCAG2Mobile)},
    author = {{W3C Mobile Accessibility Task Force}},
    organization = {World Wide Web Consortium},
    year = {2025},
    url = {https://www.w3.org/TR/2025/DNOTE-wcag2mobile-22-20250506/},
    note = {W3C Group Draft Note, 06 May 2025}  
}