@online{article:who-disability,
    title = {WHO - Disability},
    author = {{World Health Organization}},
    organization = {World Health Organization},
    year = {2023},
    url = {https://www.who.int/news-room/fact-sheets/detail/disability-and-health},
    urldate = {2024-10-17}  % Replace with your actual access date
}

@online{article:number-of-users,
    title = {Number of smartphone users worldwide from 2014 to 2029},
    author = {Statista Research Department},
    organization = {Statista},
    year = {2024},
    url = {https://www.statista.com/statistics/203734/global-smartphone-penetration-per-capita-since-2005/},
    urldate = {2024-10-20}  % Replace with your actual access date
}

@article{perinello2024accessibility,
    author = {Perinello, Lorenzo and Gaggi, Ombretta},
    title = {Accessibility of Mobile User Interfaces using Flutter and React Native},
    booktitle = {2024 IEEE 21st Consumer Communications & Networking Conference (CCNC)},
    journal = {IEEE},
    doi = {10.1109/CCNC51664.2024.10454681},
    year = {2024},
    pages = {1--8}
}

@book{budai2024mobile,
    author = {Budai, Matteo},
    title = {Mobile content accessibility guidelines on the Flutter framework},
    school = {University of Padua},
    year = {2024},
    type = {Master's Thesis},
    address = {Padua, Italy},
    department = {Department of Mathematics "Tullio Levi-Civita"},
    url = {https://hdl.handle.net/20.500.12608/68870}
}

@article{vendome2019can,
  title={Can everyone use my app? An Empirical Study on Accessibility in Android Apps},
  author={Vendome, Christopher and Solano, Diana and Liñán, Santiago and Linares-Vásquez, Mario},
  booktitle={2019 IEEE International Conference on Software Maintenance and Evolution (ICSME)},
  pages={41--52},
  year={2019},
  organization={IEEE},
  doi={10.1109/ICSME.2019.00014}
}

@article{pandey2022accessibility,
  title={Accessibility of UI Frameworks and Libraries for Programmers with Visual Impairments},
  author={Pandey, Maulishree and Bondre, Sharvari and O'Modhrain, Sile and Oney, Steve},
  booktitle={2022 IEEE Symposium on Visual Languages and Human-Centric Computing (VL/HCC)},
  pages={1--10},
  year={2022},
  organization={IEEE},
  doi={10.1109/VL/HCC53370.2022.9833098}
}