@online{article:who-disability,
    title = {WHO - Disability},
    author = {{World Health Organization}},
    organization = {World Health Organization},
    year = {2023},
    url = {https://www.who.int/news-room/fact-sheets/detail/disability-and-health},
    urldate = {2024-10-17}  
}

@online{article:number-of-users,
    title = {Number of smartphone users worldwide from 2014 to 2029},
    author = {Statista Research Department},
    organization = {Statista},
    year = {2024},
    url = {https://www.statista.com/statistics/203734/global-smartphone-penetration-per-capita-since-2005/},
    urldate = {2024-10-20} 
}

@article{perinello2024accessibility,
    author = {Perinello, Lorenzo and Gaggi, Ombretta},
    title = {Accessibility of Mobile User Interfaces using Flutter and React Native},
    booktitle = {2024 IEEE 21st Consumer Communications & Networking Conference (CCNC)},
    journal = {IEEE},
    doi = {10.1109/CCNC51664.2024.10454681},
    year = {2024},
    pages = {1--8}
}

@book{budai2024mobile,
    author = {Budai, Matteo},
    title = {Mobile content accessibility guidelines on the Flutter framework},
    school = {University of Padua},
    year = {2024},
    type = {Master's Thesis},
    address = {Padua, Italy},
    publisher = {Department of Mathematics "Tullio Levi-Civita"},
    url = {https://hdl.handle.net/20.500.12608/68870}
}

@article{vendome2019can,
      title={Can everyone use my app? An Empirical Study on Accessibility in Android Apps},
      author={Vendome, Christopher and Solano, Diana and Liñán, Santiago and Linares-Vásquez, Mario},
      booktitle={2019 IEEE International Conference on Software Maintenance and Evolution (ICSME)},
      pages={41--52},
      year={2019},
      journal={IEEE},
      doi={10.1109/ICSME.2019.00014}
}

@article{pandey2022accessibility,
      title={Accessibility of UI Frameworks and Libraries for Programmers with Visual Impairments},
      author={Pandey, Maulishree and Bondre, Sharvari and O'Modhrain, Sile and Oney, Steve},
      booktitle={2022 IEEE Symposium on Visual Languages and Human-Centric Computing (VL/HCC)},
      pages={1--10},
      year={2022},
      journal={IEEE},
      doi={10.1109/VL/HCC53370.2022.9833098}
}

@article{zaina2022preventing,
    title={Preventing accessibility barriers: Guidelines for using user interface design patterns in mobile applications},
    author={Zaina, Luciana AM and Fortes, Renata PM and Casadei, Vitor and Nozaki, Leonardo Seiji and Paiva, Débora Maria Barroso},
    journal={Journal of Systems and Software},
    volume={186},
    pages={111213},
    year={2022},
    publisher={Elsevier}
}

@online{article:universal-design,
    title = {Universal Design Principles},
    author = {Ronald L.Mace - North Carolina State University},
    organization = {UC Berkeley},
    year = {1997},
    url = {https://dac.berkeley.edu/services/campus-building-accessibility/universal-design-principles},
    urldate = {2024-11-04}  
}

@online{article:right-to-internet,
    title = {The right to Internet access},
    author = {Parliament Assembly of the Council of Europe},
    organization = {Europian Union},
    year = {2014},
    url = {https://assembly.coe.int/nw/xml/XRef/Xref-XML2HTML-en.asp?fileid=20870},
    urldate = {2024-11-04}  
}

@article{oliveira2018elderly,
    title = {Accessibility in Mobile Applications for Elderly Users: A Systematic Mapping},
    author = {Oliveira Camila Dias de and Fioravanti - Maria Lydia and Fortes - Renata Pontin de Mattos and Barbosa - Ellen Francine},
    journal = {2018 IEEE Frontiers in Education Conference (FIE)},
    publisher = {IEEE},
    year = {2018},
    pages = {1--9},
}

@article{jaramillo2017cognitive,
    title = {Accessibility Assessment of Mobile Serious Games for People with Cognitive Impairments},
    author = {Jaramillo-Alcázar Angel and Luján-Mora - Sergio and Salvador-Ullauri Luis},
    journal = {2017 International Conference on Information Systems and Computer Science (INCISCOS)},
    pages = {323--328},
    year = {2017},
    publisher = {IEEE},
    doi = {10.1109/INCISCOS.2017.12}
}

@article{zahra2022systematic,
    title={A Systematic Comparison Between Flutter and React Native from Automation Testing Perspective},
    author={Abu Zahra - Husam and Zein - Samer},
    booktitle={2022 International Symposium on Multidisciplinary Studies and Innovative Technologies (ISMSIT)},
    pages={6--12},
    year={2022},
    organization={IEEE},
    doi={10.1109/ISMSIT56059.2022.9932749}
}

@article{silva2018survey,
    title={A survey on the tool support for the automatic evaluation of mobile accessibility},
    author={Silva, Claudia and Eler, Marcelo M. and Fraser, Gordon},
    journal={Proceedings of the 8th International Conference on Software Development and Technologies for Enhancing Accessibility and Fighting Info-exclusion},
    year={2018},
    pages={286--293}
}

@article{alshayban2020accessibility,
    title={Accessibility Issues in Android Apps: State of Affairs, Sentiments, and Ways Forward},
    author={Alshayban, Abdulaziz and Ahmed, Iftekhar and Malek, Sam},
    journal={International Conference on Software Engineering (ICSE)},
    year={2020},
    pages={1323--1334},
    doi={10.1145/3377811.3380392}
}