@book{womak:lean-thinking,
    author = {James P. Womack, Daniel T. Jones},
    title = {Lean Thinking, Second Editon},
    publisher = {Simon \& Schuster, Inc.},
    year = {2010}
}

@article{article:spooky,
  author = {Albert Einstein and Boris Podolsky and Nathan Rosen},
  title = {Can Quantum-Mechanical Description of Physical Reality be Considered Complete?},
  journal = {Physical Review},
  volume = {47},
  number = {10},
  pages = {777-780},
  year = {1935},
  doi = {10.1103/PhysRev.47.777},
}

@article{article:number-of-users,
    title = {Number of smartphone users worldwide from 2014 to 2029},
    url = {https://www.statista.com/statistics/203734/global-smartphone-penetration-per-capita-since-2005/}
}

@article{article:who-disability,
    title = {WHO - Disability},
    url = {https://www.who.int/news-room/fact-sheets/detail/disability-and-health}
}

